<record><leader>00000cas a2200000 a 4500</leader><controlfield tag="001">22045149</controlfield><controlfield tag="008">900717d18671967nyuwr ne      0    0eng c</controlfield><datafield ind1=" " ind2=" " tag="010"><subfield code="a">sn 90066442 </subfield></datafield><datafield ind1=" " ind2=" " tag="040"><subfield code="a">NYS</subfield><subfield code="b">eng</subfield><subfield code="c">NYS</subfield><subfield code="d">OCLCQ</subfield><subfield code="d">NYS</subfield><subfield code="d">OCLCQ</subfield><subfield code="d">OCLCF</subfield><subfield code="d">OCLCO</subfield></datafield><datafield ind1="1" ind2=" " tag="029"><subfield code="a">AU@</subfield><subfield code="b">000020613369</subfield></datafield><datafield ind1=" " ind2=" " tag="042"><subfield code="a">pcc</subfield></datafield><datafield ind1=" " ind2=" " tag="043"><subfield code="a">n-us-ny</subfield></datafield><datafield ind1="0" ind2=" " tag="130"><subfield code="a">Owego times (Owego, N.Y. : 1867)</subfield></datafield><datafield ind1="1" ind2="4" tag="245"><subfield code="a">The Owego times.</subfield></datafield><datafield ind1="1" ind2="3" tag="246"><subfield code="a">Owego times-Tioga County herald</subfield></datafield><datafield ind1=" " ind2=" " tag="260"><subfield code="a">Owego, Tioga County, N.Y. :</subfield><subfield code="b">William Smyth,</subfield><subfield code="c">1867-1967.</subfield></datafield><datafield ind1=" " ind2=" " tag="300"><subfield code="a">v. :</subfield><subfield code="b">ill. ;</subfield><subfield code="c">71 cm.</subfield></datafield><datafield ind1=" " ind2=" " tag="310"><subfield code="a">Weekly</subfield></datafield><datafield ind1="0" ind2=" " tag="362"><subfield code="a">Vol. 15, no. 1 (June 6, 1867)-v. 133, no. 21 (Aug. 25, 1967).</subfield></datafield><datafield ind1=" " ind2=" " tag="500"><subfield code="a">Published as: Owego times-Tioga County herald, Sept. 2, 1966 and Oct. 14-Nov. 11, 1966.</subfield></datafield><datafield ind1=" " ind2="0" tag="651"><subfield code="a">Owego (N.Y.)</subfield><subfield code="v">Newspapers.</subfield></datafield><datafield ind1=" " ind2="0" tag="651"><subfield code="a">Tioga County (N.Y.)</subfield><subfield code="v">Newspapers.</subfield></datafield><datafield ind1=" " ind2="7" tag="655"><subfield code="a">Newspapers.</subfield><subfield code="2">fast</subfield><subfield code="0">(OCoLC)fst01423814</subfield></datafield><datafield ind1=" " ind2="7" tag="651"><subfield code="a">New York (State)</subfield><subfield code="z">Owego.</subfield><subfield code="2">fast</subfield><subfield code="0">(OCoLC)fst01213044</subfield></datafield><datafield ind1=" " ind2="7" tag="651"><subfield code="a">New York (State)</subfield><subfield code="z">Tioga County.</subfield><subfield code="2">fast</subfield><subfield code="0">(OCoLC)fst01213031</subfield></datafield><datafield ind1=" " ind2=" " tag="752"><subfield code="a">United States</subfield><subfield code="b">New York</subfield><subfield code="c">Tioga</subfield><subfield code="d">Owego.</subfield></datafield><datafield ind1="0" ind2="0" tag="780"><subfield code="t">Owego weekly times</subfield><subfield code="w">(DLC)sn 90066441</subfield><subfield code="w">(OCoLC)22051442</subfield></datafield><datafield ind1="0" ind2="5" tag="780"><subfield code="t">Tioga County herald (Newark Valley, N.Y.)</subfield><subfield code="w">(DLC)sn 84031764</subfield><subfield code="w">(OCoLC)11405329</subfield></datafield><datafield ind1="0" ind2="0" tag="785"><subfield code="t">Tioga County times-herald</subfield><subfield code="w">(DLC)sn 90066443</subfield><subfield code="w">(OCoLC)22044833</subfield></datafield></record>